@article{plungian_study_2022,
    title        = {The study of Shughni: the past and the future},
    author       = {V.A. Plungian},
    year         = {2022},
    journal      = {RSUH/RGGU Bulletin: “Literary Teory. Linguistics. Cultural Studies”, Series. 2022;(5):11-22}
}
@incollection{edelman_dodykhudoeva_shughni_2009,
    author    = {Edelman, Dzoy I. and Dodykhudoeva, Leila R.},
    booktitle = {The Iranian Languages},
    editor    = {Windfuhr, Gernot},
    key       = {Edelman and Dodykhudoeva 2009},
    pages     = {787-824},
    publisher = {London \& New York: Routledge},
    series    = {Routledge Family Series},
    title     = {Shughni},
    year      = {2009}
}
@phdthesis{parker_shughni_2023,
    author  = {Clinton Parker},
    key     = {Parker 2023},
    title   = {A grammar of the Shughni language},
    school  = {Department of Linguistics, McGill University},
    year    = {2023}
}
@article{kondratyuk_straka_model_2019,
    title        = {75 Languages, 1 Model: Parsing Universal Dependencies Universally},
    key          = {Kondratyuk and Straka 2023},
    author       = {Dan Kondratyuk AND Milan Straka},
    year         = {2019}
}
@book{zarubin_dict_1960,
    title       = {Шугнанские тексты и словарь [Shughni texts and dictionary]},
    author      = {I.I. Zarubin},
    year        = {1960},
    publisher   = {Izd-vo Akademii nauk SSSR}
}
@book{karamshoev_dict_1988,
    title       = {Шугнанско-русский словарь [Shughni-Russian dictionary]},
    author      = {D. Karamshoev},
    year        = {1988--1999},
    publisher   = {Izd-vo Akademii nauk SSSR}
}
@book{tumanovich_gram_1906,
    title       = {Краткая грамматика и словарь шугнанского наречия [Brief grammar and dictionary of Shughni]},
    author      = {Tumanovich},
    year        = {1906}
}
@incollection{salemann_dict_1895,
    booktitle   = {Восточные заметки [Eastern notes]},
    title       = {Шугнанский словарь Д.Л. Иванова [Shughni dictionary by D.L. Ivanov]},
    author      = {Karl Salemann},
    year        = {1895}
}
@incollection{edelman_languages_1999,
    title       = {Shughni language},
    booktitle   = {Языки мира: Иранские языки. III: Восточноиранские языки [Languages of the world: Iranian languages. III. Eastern Iranian languages]},
    author      = {Edelman, Dzoy I. AND Yusufbekov, Sh.P.},
    year        = {1999},
    address     = {Moscow, Russia},
}
@article{edelman_gram_2009,
    title        = {Сравнительная грамматика восточноиранских языков [Comparative Grammar of Eastern Iranian Languages]},
    author       = {Edelman, Dzoy I.},
    year         = {2009}
}