%%%%%%%%%%%%%%%%%%%%%%%%%%%%%
% Theoretical shughni works %
%%%%%%%%%%%%%%%%%%%%%%%%%%%%%
@article{plungian_study_2022,
    title        = {The study of Shughni: the past and the future},
    author       = {V.A. Plungian},
    year         = {2022},
    journal      = {RSUH/RGGU Bulletin: “Literary Teory. Linguistics. Cultural Studies”, Series. 2022;(5):11-22}
}
@unpublished{osorgin_2024_twol,
    title = {{Создание морфологического парсера для шугнаского языка в системе lexd и twol [Creating a morphological parser for the Shughni language using lexd and twol systems]}},
    year = {2024},
    author = {Osorgin, Ivan Gennadievich},
    school = {{NRU HSE}}
}
@incollection{edelman_languages_1999,
    title       = {{Шугнанский язык [Shughni language]}},
    booktitle   = {{Языки мира: Иранские языки. III: Восточноиранские языки [Languages of the world: Iranian languages. III. Eastern Iranian languages]}},
    author      = {Edelman, Dzoy I. AND Yusufbekov, Sh.P.},
    year        = {1999},
    address     = {Moscow, Russia},
    url         = {https://iling-ran.ru/web/ru/publications/langworld/volumes/7}
}
@incollection{edelman_dodykhudoeva_shughni_2009,
    author    = {Edelman, Dzoy I. and Dodykhudoeva, Leila R.},
    booktitle = {The Iranian Languages},
    editor    = {Windfuhr, Gernot},
    key       = {Edelman and Dodykhudoeva 2009},
    pages     = {787-824},
    publisher = {London \& New York: Routledge},
    series    = {Routledge Family Series},
    title     = {Shughni},
    year      = {2009}
}
@phdthesis{parker_shughni_2023,
    author  = {Clinton Parker},
    title   = {{A grammar of the Shughni language}},
    school  = {{Department of Linguistics, McGill University}},
    year    = {2023}
}
%%%%%%%%%%%%%%%%%
% Deep Learning %
%%%%%%%%%%%%%%%%%
@article{lstm_1997,
    author = {Hochreiter, Sepp and Schmidhuber, Jürgen},
    year = {1997},
    month = {11},
    pages = {1735-1780},
    title = {Long Short-Term Memory},
    volume = {9},
    journal = {Neural Computation},
    doi = {10.1162/neco.1997.9.8.1735}
}
@inproceedings{transformer_2017,
    author = {Vaswani, Ashish and Shazeer, Noam and Parmar, Niki and Uszkoreit, Jakob and Jones, Llion and Gomez, Aidan N and Kaiser, \L ukasz and Polosukhin, Illia},
    booktitle = {Advances in Neural Information Processing Systems},
    editor = {I. Guyon and U. Von Luxburg and S. Bengio and H. Wallach and R. Fergus and S. Vishwanathan and R. Garnett},
    pages = {},
    publisher = {Curran Associates, Inc.},
    title = {Attention is All you Need},
    url = {https://proceedings.neurips.cc/paper_files/paper/2017/file/3f5ee243547dee91fbd053c1c4a845aa-Paper.pdf},
    volume = {30},
    year = {2017}
}
@inproceedings{devlin_2019,
    title = "{BERT}: Pre-training of Deep Bidirectional Transformers for Language Understanding",
    author = "Devlin, Jacob  and
      Chang, Ming-Wei  and
      Lee, Kenton  and
      Toutanova, Kristina",
    editor = "Burstein, Jill  and
      Doran, Christy  and
      Solorio, Thamar",
    booktitle = "Proceedings of the 2019 Conference of the North {A}merican Chapter of the Association for Computational Linguistics: Human Language Technologies, Volume 1 (Long and Short Papers)",
    month = jun,
    year = "2019",
    address = "Minneapolis, Minnesota",
    publisher = "Association for Computational Linguistics",
    url = "https://aclanthology.org/N19-1423/",
    doi = "10.18653/v1/N19-1423",
    pages = "4171--4186",
}
@article{kondratyuk_straka_model_2019,
    title        = {75 Languages, 1 Model: Parsing Universal Dependencies Universally},
    key          = {Kondratyuk and Straka 2023},
    author       = {Dan Kondratyuk AND Milan Straka},
    year         = {2019}
}
%%%%%%%%%%%%%%%%%%%%
%    Rule-based    %
%%%%%%%%%%%%%%%%%%%%
@unpublished{melenchenko_2021_parser,
    title = {{Автоматический морфологический анализ шугнанского языка [Automatic full morphology analysis for Shughni]}},
    year = {2021},
    author = {Melenchenko, Maxim Glebovich},
    school = {{NRU HSE}}
}
@article{makarov_digital_2022,
    author = {Makarov, Yury AND Melenchenko, Maksim AND Novokshanov, Dmitry},
    title = {{Digital Resources for the Shughni Language}},
    year = {2022},
    school  = {HSE University},
    url = {https://aclanthology.org/2022.eurali-1.9},
    journal = {{Proceedings of The Workshop on Resources and Technologies for Indigenous, Endangered and Lesser-Resourced Languages in Eurasia within the 13th Language Resources and Evaluation Conference}},
    pages = {61-64}
}
@misc{Turing_1937, 
    title={On Computable Numbers, with an Application to the Entscheidungsproblem}, 
    volume={s2-42}, 
    url={http://dx.doi.org/10.1112/plms/s2-42.1.230}, 
    DOI={10.1112/plms/s2-42.1.230}, 
    number={1}, 
    journal={Proceedings of the London Mathematical Society}, 
    publisher={Wiley}, 
    author={Turing, A. M.}, 
    year={1937}, 
    pages={230–265}, 
    language={en} 
}
@book{beesley_fst_2002,
    title = {{Finite-state morphology: Xerox tools and techniques}},
    author = {Beesley, enneth R. AND Karttunen, Lauri},
    publisher = {{CSLI, Stanford}},
    year = {2002}
}
@article{koskenniemi_twol_1983,
    author = {Koskenniemi, Kimmo},
    year = {1983},
    month = {01},
    pages = {},
    title = {{Two-level Morphology: A General Computational Model for Word-Form Recognition and Production}}
}
@article{karttunen_twolc_1987,
    author = {Karttunen, Lauri AND Koskenniemi, Kimmo AND Kaplan, Ronald},
    year = {1987},
    month = {01},
    pages = {},
    journal = {tools for morphological analysis},
    title = {A compiler for two-level phonological rules}
}
@article{karttunen_lexc_1993,
    author = {Karttunen, Lauri},
    year = {1993},
    title = {Finite-state lexicon compiler. {Technical Report ISTL-NLTT-1993-04-02, Xerox Palo Alto Research Center, Palo Alto, CA.}},
}
@incollection{linden_hfst_2009,
    year={2009},
    isbn={978-3-642-04130-3},
    booktitle={{State of the Art in Computational Morphology}},
    volume={41},
    series={Communications in Computer AND Information Science},
    editor={Mahlow, Cerstin AND Piotrowski, Michael},
    doi={10.1007/978-3-642-04131-0_3},
    title={{HFST Tools for Morphology – An Efficient Open-Source Package for Construction of Morphological Analyzers}},
    url={http://dx.doi.org/10.1007/978-3-642-04131-0_3},
    publisher={Springer Berlin Heidelberg},
    author={Lind\'{e}n, Krister AND Silfverberg, Miikka AND Pirinen, Tommi},
    pages={28-47}
}
@article{swanson_lexd_2021,
    author = {Swanson, Daniel AND Howell, Nick},
    year = {2021},
    title = {{Lexd: A Finite-State Lexicon Compiler for Non-Suffixational Morphologies}},
}